<record xmlns='http://www.loc.gov/MARC21/slim'><leader>01781cam a2200409 a 4500</leader><controlfield tag='001'>9985434293506421</controlfield><controlfield tag='005'>20201005110606.0</controlfield><controlfield tag='007'>he amu|||bacu</controlfield><controlfield tag='008'>010327s1732    it a    b     000 0 ita d</controlfield><datafield ind1='7' ind2=' ' tag='024'><subfield code='a'>3723</subfield><subfield code='2'>cico</subfield></datafield><datafield ind1='7' ind2=' ' tag='024'><subfield code='a'>3724</subfield><subfield code='2'>cico</subfield></datafield><datafield ind1='7' ind2=' ' tag='024'><subfield code='a'>dcl:xjt</subfield><subfield code='2'>dclib</subfield></datafield><datafield ind1='7' ind2=' ' tag='024'><subfield code='a'>dcl:1pt</subfield><subfield code='2'>dclib</subfield></datafield><datafield ind1=' ' ind2=' ' tag='035'><subfield code='9'>0197-65360</subfield></datafield><datafield ind1=' ' ind2=' ' tag='035'><subfield code='9'>DCNA01-B2315</subfield></datafield><datafield ind1=' ' ind2=' ' tag='035'><subfield code='a'>169627</subfield></datafield><datafield ind1=' ' ind2=' ' tag='035'><subfield code='a'>8543429</subfield></datafield><datafield ind1=' ' ind2=' ' tag='035'><subfield code='a'>(NjP)8543429-princetondb</subfield></datafield><datafield ind1=' ' ind2=' ' tag='040'><subfield code='a'>DNGA</subfield><subfield code='c'>DNGA</subfield></datafield><datafield ind1=' ' ind2=' ' tag='043'><subfield code='a'>e-it---</subfield></datafield><datafield ind1=' ' ind2=' ' tag='099'><subfield code='a'>49 no. 3723</subfield></datafield><datafield ind1='1' ind2=' ' tag='100'><subfield code='a'>Ficoroni, Francesco,</subfield><subfield code='d'>1664-1747.</subfield><subfield code='0'>http://id.loc.gov/authorities/names/n81022123</subfield></datafield><datafield ind1='1' ind2='3' tag='245'><subfield code='a'>La bolla d&apos;oro de&apos; fanciulli nobili romani e quella de&apos; libertini</subfield><subfield code='h'>[microform] :</subfield><subfield code='b'>ed altre singolarità spettanti a&apos; mausolei nuovamente scopertisi /</subfield><subfield code='c'>brevemente spiegate, e divise in II. parti da Francesco de&apos; Ficoroni ...</subfield></datafield><datafield ind1=' ' ind2=' ' tag='260'><subfield code='a'>In Roma :</subfield><subfield code='b'>Nella stamperia di Antonio de&apos; Rossi,</subfield><subfield code='c'>1732.</subfield></datafield><datafield ind1=' ' ind2=' ' tag='300'><subfield code='a'>76 p. :</subfield><subfield code='b'>ill.</subfield></datafield><datafield ind1=' ' ind2=' ' tag='500'><subfield code='a'>Fiche no. 3724 (1) appears to be a second copy.</subfield></datafield><datafield ind1='4' ind2=' ' tag='510'><subfield code='a'>Cicognara,</subfield><subfield code='c'>3723</subfield></datafield><datafield ind1=' ' ind2=' ' tag='533'><subfield code='a'>Microfiche.</subfield><subfield code='b'>Cambridge, England :</subfield><subfield code='c'>Chadwyck-Healey,</subfield><subfield code='d'>1989-</subfield><subfield code='e'>2 microfiche : positive.</subfield><subfield code='f'>(Cicognara library)</subfield></datafield><datafield ind1=' ' ind2=' ' tag='530'><subfield code='a'>Also available in an electronic version.</subfield></datafield><datafield ind1=' ' ind2='0' tag='650'><subfield code='a'>Jewelry</subfield><subfield code='z'>Rome</subfield><subfield code='v'>Early works to 1800.</subfield></datafield><datafield ind1=' ' ind2='0' tag='650'><subfield code='a'>Tombs</subfield><subfield code='z'>Italy</subfield><subfield code='v'>Early works to 1800.</subfield></datafield><datafield ind1=' ' ind2='0' tag='651'><subfield code='a'>Rome</subfield><subfield code='x'>Antiquities</subfield><subfield code='v'>Early works to 1800.</subfield></datafield><datafield ind1='2' ind2=' ' tag='710'><subfield code='a'>Fondo Cicognara (Biblioteca apostolica vaticana)</subfield><subfield code='0'>http://id.loc.gov/authorities/names/nr94016468</subfield></datafield><datafield ind1='2' ind2=' ' tag='710'><subfield code='a'>Leopoldo Cicognara Program (University of Illinois at Urbana-Champaign)</subfield><subfield code='0'>http://id.loc.gov/authorities/names/nr94016472</subfield></datafield><datafield ind1=' ' ind2='0' tag='830'><subfield code='a'>Cicognara library.</subfield></datafield><datafield ind1='4' ind2='1' tag='856'><subfield code='u'>http://arks.princeton.edu/ark:/88435/jm214s442</subfield></datafield><datafield ind1='4' ind2='1' tag='856'><subfield code='u'>http://arks.princeton.edu/ark:/88435/73666780q</subfield></datafield><datafield ind1=' ' ind2=' ' tag='902'><subfield code='a'>jwl</subfield><subfield code='b'>z</subfield><subfield code='6'>a</subfield><subfield code='7'>m</subfield><subfield code='d'>w</subfield><subfield code='f'>0</subfield><subfield code='e'>20140709</subfield></datafield><datafield ind1=' ' ind2=' ' tag='AVA'><subfield code='0'>9985434293506421</subfield><subfield code='8'>22502764920006421</subfield><subfield code='a'>01PRI_INST</subfield><subfield code='b'>marquand</subfield><subfield code='c'>Microforms Remote Storage: Marquand Use Only</subfield><subfield code='d'>MICROFICHE 5</subfield><subfield code='e'>check_holdings</subfield><subfield code='j'>mic</subfield><subfield code='k'>8</subfield><subfield code='p'>1</subfield><subfield code='q'>Marquand Library</subfield></datafield><datafield ind1=' ' ind2=' ' tag='AVE'><subfield code='8'>53861983740006421</subfield><subfield code='e'>Available</subfield><subfield code='l'>online</subfield><subfield code='a'>01PRI_INST</subfield><subfield code='0'>9985434293506421</subfield></datafield><datafield ind1=' ' ind2=' ' tag='AVE'><subfield code='8'>53861983760006421</subfield><subfield code='e'>Available</subfield><subfield code='l'>online</subfield><subfield code='a'>01PRI_INST</subfield><subfield code='0'>9985434293506421</subfield></datafield></record>
